@MISC{bandpass,
  NOTE         = "\url{http://www.electronics-tutorials.ws/filter/filter_4.html}"
}